@misc{texbook1986,
  author={Donald E. Knuth},
  year={1986},
  title={The TeX Book},
  howpublished={\url{https://www.baidu.com}}
}
